%YAML 1.1
%TAG !u! tag:unity3d.com,2011:
--- !u!1 &237243730696867389
GameObject:
  m_ObjectHideFlags: 0
  m_CorrespondingSourceObject: {fileID: 0}
  m_PrefabInstance: {fileID: 0}
  m_PrefabAsset: {fileID: 0}
  serializedVersion: 6
  m_Component:
  - component: {fileID: 237243730696867520}
  m_Layer: 0
  m_Name: CF2_mj
  m_TagString: Untagged
  m_Icon: {fileID: 0}
  m_NavMeshLayer: 0
  m_StaticEditorFlags: 0
  m_IsActive: 1
--- !u!4 &237243730696867520
Transform:
  m_ObjectHideFlags: 0
  m_CorrespondingSourceObject: {fileID: 0}
  m_PrefabInstance: {fileID: 0}
  m_PrefabAsset: {fileID: 0}
  m_GameObject: {fileID: 237243730696867389}
  serializedVersion: 2
  m_LocalRotation: {x: 0, y: 0, z: 0, w: 1}
  m_LocalPosition: {x: 0, y: 0, z: 0}
  m_LocalScale: {x: 1, y: 1, z: 1}
  m_ConstrainProportionsScale: 0
  m_Children:
  - {fileID: 4614780593902294308}
  - {fileID: 237243731711835217}
  m_Father: {fileID: 0}
  m_LocalEulerAnglesHint: {x: 0, y: 0, z: 0}
--- !u!1 &237243731711835216
GameObject:
  m_ObjectHideFlags: 0
  m_CorrespondingSourceObject: {fileID: 0}
  m_PrefabInstance: {fileID: 0}
  m_PrefabAsset: {fileID: 0}
  serializedVersion: 6
  m_Component:
  - component: {fileID: 237243731711835217}
  - component: {fileID: 237243731711835223}
  - component: {fileID: 237243731711835222}
  - component: {fileID: 3198630650193539558}
  m_Layer: 0
  m_Name: StartPlate
  m_TagString: Untagged
  m_Icon: {fileID: 0}
  m_NavMeshLayer: 0
  m_StaticEditorFlags: 0
  m_IsActive: 1
--- !u!4 &237243731711835217
Transform:
  m_ObjectHideFlags: 0
  m_CorrespondingSourceObject: {fileID: 0}
  m_PrefabInstance: {fileID: 0}
  m_PrefabAsset: {fileID: 0}
  m_GameObject: {fileID: 237243731711835216}
  serializedVersion: 2
  m_LocalRotation: {x: 0, y: 0, z: 0, w: 1}
  m_LocalPosition: {x: 0, y: 0, z: 0}
  m_LocalScale: {x: 0.3, y: 0.001, z: 0.3}
  m_ConstrainProportionsScale: 0
  m_Children: []
  m_Father: {fileID: 237243730696867520}
  m_LocalEulerAnglesHint: {x: 0, y: 0, z: 0}
--- !u!33 &237243731711835223
MeshFilter:
  m_ObjectHideFlags: 0
  m_CorrespondingSourceObject: {fileID: 0}
  m_PrefabInstance: {fileID: 0}
  m_PrefabAsset: {fileID: 0}
  m_GameObject: {fileID: 237243731711835216}
  m_Mesh: {fileID: 10206, guid: 0000000000000000e000000000000000, type: 0}
--- !u!23 &237243731711835222
MeshRenderer:
  m_ObjectHideFlags: 0
  m_CorrespondingSourceObject: {fileID: 0}
  m_PrefabInstance: {fileID: 0}
  m_PrefabAsset: {fileID: 0}
  m_GameObject: {fileID: 237243731711835216}
  m_Enabled: 1
  m_CastShadows: 1
  m_ReceiveShadows: 1
  m_DynamicOccludee: 1
  m_StaticShadowCaster: 0
  m_MotionVectors: 1
  m_LightProbeUsage: 1
  m_ReflectionProbeUsage: 1
  m_RayTracingMode: 2
  m_RayTraceProcedural: 0
  m_RenderingLayerMask: 1
  m_RendererPriority: 0
  m_Materials:
  - {fileID: 2100000, guid: c67450f290f3e4897bc40276a619e78d, type: 2}
  m_StaticBatchInfo:
    firstSubMesh: 0
    subMeshCount: 0
  m_StaticBatchRoot: {fileID: 0}
  m_ProbeAnchor: {fileID: 0}
  m_LightProbeVolumeOverride: {fileID: 0}
  m_ScaleInLightmap: 1
  m_ReceiveGI: 1
  m_PreserveUVs: 0
  m_IgnoreNormalsForChartDetection: 0
  m_ImportantGI: 0
  m_StitchLightmapSeams: 1
  m_SelectedEditorRenderState: 3
  m_MinimumChartSize: 4
  m_AutoUVMaxDistance: 0.5
  m_AutoUVMaxAngle: 89
  m_LightmapParameters: {fileID: 0}
  m_SortingLayerID: 0
  m_SortingLayer: 0
  m_SortingOrder: 0
  m_AdditionalVertexStreams: {fileID: 0}
--- !u!114 &3198630650193539558
MonoBehaviour:
  m_ObjectHideFlags: 0
  m_CorrespondingSourceObject: {fileID: 0}
  m_PrefabInstance: {fileID: 0}
  m_PrefabAsset: {fileID: 0}
  m_GameObject: {fileID: 237243731711835216}
  m_Enabled: 1
  m_EditorHideFlags: 0
  m_Script: {fileID: 11500000, guid: ba8757a90afe442d9acfbd600758b843, type: 3}
  m_Name: 
  m_EditorClassIdentifier: 
  ShapeType: 3
  Sphere:
    Radius: 0.5
  Capsule:
    Radius: 0.5
    HalfHeight: 0.5
  Cylinder:
    Radius: 0.5
    HalfHeight: 1
  Box:
    Extents: {x: 0.5, y: 0.5, z: 0.5}
  Ellipsoid:
    Radiuses: {x: 0.5, y: 0.5, z: 0.5}
  Plane:
    Extents: {x: 1, y: 1}
  Mesh:
    Mesh: {fileID: 0}
  HField:
    Terrain: {fileID: 0}
    HeightMapExportPath: 
    BaseHeight: 0.1
    UpdateLimit: 0
  Mass: 0
  Density: 1000
  Settings:
    Priority: 0
    Solver:
      ConDim: 3
      SolMix: 1
      SolRef:
        TimeConst: 0.02
        DampRatio: 1
      SolImp:
        DMin: 0.9
        DMax: 0.95
        Width: 0.001
        Midpoint: 0.5
        Power: 2
      Margin: 0
      Gap: 0
    Filtering:
      Contype: 1
      Conaffinity: 1
      Group: 0
    Friction:
      Sliding: 1
      Torsional: 0.005
      Rolling: 0.0001
    FluidShapeType: 0
    FluidCoefficients:
      BluntDrag: 5
      SlenderDrag: 0.25
      AngularDrag: 1.5
      KuttaLift: 1
      MagnusLift: 1
--- !u!1001 &366396844614054654
PrefabInstance:
  m_ObjectHideFlags: 0
  serializedVersion: 2
  m_Modification:
    serializedVersion: 3
    m_TransformParent: {fileID: 237243730696867520}
    m_Modifications:
    - target: {fileID: 713679344836927074, guid: d77644ec321675644aab48b6de42ef47, type: 3}
      propertyPath: m_LocalPosition.y
      value: 11.70266
      objectReference: {fileID: 0}
    - target: {fileID: 1694722575681162543, guid: d77644ec321675644aab48b6de42ef47, type: 3}
      propertyPath: m_LocalPosition.y
      value: 1.279956
      objectReference: {fileID: 0}
    - target: {fileID: 1851375900391848228, guid: d77644ec321675644aab48b6de42ef47, type: 3}
      propertyPath: m_IsActive
      value: 1
      objectReference: {fileID: 0}
    - target: {fileID: 3452788907805574198, guid: d77644ec321675644aab48b6de42ef47, type: 3}
      propertyPath: m_LocalPosition.y
      value: 11.70267
      objectReference: {fileID: 0}
    - target: {fileID: 4096381717071923848, guid: d77644ec321675644aab48b6de42ef47, type: 3}
      propertyPath: m_LocalPosition.y
      value: -7.75222
      objectReference: {fileID: 0}
    - target: {fileID: 4731116177560658651, guid: d77644ec321675644aab48b6de42ef47, type: 3}
      propertyPath: m_LocalPosition.y
      value: -0.46416
      objectReference: {fileID: 0}
    - target: {fileID: 4980784937224562650, guid: d77644ec321675644aab48b6de42ef47, type: 3}
      propertyPath: m_LocalPosition.x
      value: 0
      objectReference: {fileID: 0}
    - target: {fileID: 4980784937224562650, guid: d77644ec321675644aab48b6de42ef47, type: 3}
      propertyPath: m_LocalPosition.y
      value: 0.03
      objectReference: {fileID: 0}
    - target: {fileID: 4980784937224562650, guid: d77644ec321675644aab48b6de42ef47, type: 3}
      propertyPath: m_LocalPosition.z
      value: 0
      objectReference: {fileID: 0}
    - target: {fileID: 4980784937224562650, guid: d77644ec321675644aab48b6de42ef47, type: 3}
      propertyPath: m_LocalRotation.w
      value: 1
      objectReference: {fileID: 0}
    - target: {fileID: 4980784937224562650, guid: d77644ec321675644aab48b6de42ef47, type: 3}
      propertyPath: m_LocalRotation.x
      value: -0
      objectReference: {fileID: 0}
    - target: {fileID: 4980784937224562650, guid: d77644ec321675644aab48b6de42ef47, type: 3}
      propertyPath: m_LocalRotation.y
      value: -0
      objectReference: {fileID: 0}
    - target: {fileID: 4980784937224562650, guid: d77644ec321675644aab48b6de42ef47, type: 3}
      propertyPath: m_LocalRotation.z
      value: -0
      objectReference: {fileID: 0}
    - target: {fileID: 4980784937224562650, guid: d77644ec321675644aab48b6de42ef47, type: 3}
      propertyPath: m_LocalEulerAnglesHint.x
      value: 0
      objectReference: {fileID: 0}
    - target: {fileID: 4980784937224562650, guid: d77644ec321675644aab48b6de42ef47, type: 3}
      propertyPath: m_LocalEulerAnglesHint.y
      value: 0
      objectReference: {fileID: 0}
    - target: {fileID: 4980784937224562650, guid: d77644ec321675644aab48b6de42ef47, type: 3}
      propertyPath: m_LocalEulerAnglesHint.z
      value: 0
      objectReference: {fileID: 0}
    - target: {fileID: 5015423945768933564, guid: d77644ec321675644aab48b6de42ef47, type: 3}
      propertyPath: m_LocalPosition.y
      value: 11.70267
      objectReference: {fileID: 0}
    - target: {fileID: 5351890931892494087, guid: d77644ec321675644aab48b6de42ef47, type: 3}
      propertyPath: m_Name
      value: cf2 Body
      objectReference: {fileID: 0}
    - target: {fileID: 5952740415031502917, guid: d77644ec321675644aab48b6de42ef47, type: 3}
      propertyPath: DecisionPeriod
      value: 1
      objectReference: {fileID: 0}
    - target: {fileID: 5952740415031502917, guid: d77644ec321675644aab48b6de42ef47, type: 3}
      propertyPath: TakeActionsBetweenDecisions
      value: 0
      objectReference: {fileID: 0}
    - target: {fileID: 6289203462741027250, guid: d77644ec321675644aab48b6de42ef47, type: 3}
      propertyPath: m_LocalPosition.y
      value: 0.291992
      objectReference: {fileID: 0}
    - target: {fileID: 6824649198364239558, guid: d77644ec321675644aab48b6de42ef47, type: 3}
      propertyPath: m_Enabled
      value: 1
      objectReference: {fileID: 0}
    - target: {fileID: 6866033165687113676, guid: d77644ec321675644aab48b6de42ef47, type: 3}
      propertyPath: m_LocalPosition.y
      value: -3.5
      objectReference: {fileID: 0}
    - target: {fileID: 6971760793909696033, guid: d77644ec321675644aab48b6de42ef47, type: 3}
      propertyPath: Mesh.Mesh
      value: 
      objectReference: {fileID: -3523961699343142072, guid: 10eb4b816f71d58409a8783b560952fa, type: 3}
    - target: {fileID: 6971760793909696033, guid: d77644ec321675644aab48b6de42ef47, type: 3}
      propertyPath: ShapeType
      value: 4
      objectReference: {fileID: 0}
    - target: {fileID: 6971760793909696033, guid: d77644ec321675644aab48b6de42ef47, type: 3}
      propertyPath: m_Enabled
      value: 1
      objectReference: {fileID: 0}
    - target: {fileID: 6971760793909696033, guid: d77644ec321675644aab48b6de42ef47, type: 3}
      propertyPath: Plane.Extents.x
      value: 0.1
      objectReference: {fileID: 0}
    - target: {fileID: 6971760793909696033, guid: d77644ec321675644aab48b6de42ef47, type: 3}
      propertyPath: Plane.Extents.y
      value: 0.1
      objectReference: {fileID: 0}
    - target: {fileID: 8816205469395505198, guid: d77644ec321675644aab48b6de42ef47, type: 3}
      propertyPath: m_LocalPosition.y
      value: 11.70266
      objectReference: {fileID: 0}
    - target: {fileID: 9028183970399972601, guid: d77644ec321675644aab48b6de42ef47, type: 3}
      propertyPath: m_LocalPosition.y
      value: 6.902337
      objectReference: {fileID: 0}
    m_RemovedComponents: []
    m_RemovedGameObjects:
    - {fileID: 221433418355124910, guid: d77644ec321675644aab48b6de42ef47, type: 3}
    - {fileID: 3689134034338642069, guid: d77644ec321675644aab48b6de42ef47, type: 3}
    - {fileID: 678193644654991344, guid: d77644ec321675644aab48b6de42ef47, type: 3}
    - {fileID: 279152046603350294, guid: d77644ec321675644aab48b6de42ef47, type: 3}
    - {fileID: 1220435281462255267, guid: d77644ec321675644aab48b6de42ef47, type: 3}
    - {fileID: 7293261626749361241, guid: d77644ec321675644aab48b6de42ef47, type: 3}
    - {fileID: 1914304726385398718, guid: d77644ec321675644aab48b6de42ef47, type: 3}
    - {fileID: 7020566749551703325, guid: d77644ec321675644aab48b6de42ef47, type: 3}
    - {fileID: 5504534575136286955, guid: d77644ec321675644aab48b6de42ef47, type: 3}
    - {fileID: 5020268390615575956, guid: d77644ec321675644aab48b6de42ef47, type: 3}
    m_AddedGameObjects: []
    m_AddedComponents: []
  m_SourcePrefab: {fileID: 100100000, guid: d77644ec321675644aab48b6de42ef47, type: 3}
--- !u!4 &4614780593902294308 stripped
Transform:
  m_CorrespondingSourceObject: {fileID: 4980784937224562650, guid: d77644ec321675644aab48b6de42ef47, type: 3}
  m_PrefabInstance: {fileID: 366396844614054654}
  m_PrefabAsset: {fileID: 0}
